<marc:collection xmlns:marc="http://www.loc.gov/MARC21/slim" xmlns:xsi="http://www.w3.org/2001/XMLSchema-instance" xsi:schemaLocation="http://www.loc.gov/MARC21/slim http://www.loc.gov/standards/marcxml/schema/MARC21slim.xsd">
    <marc:record type="Bibliographic">
        <marc:leader>01489cem a2200289 a 4500</marc:leader>
        <marc:controlfield tag="001">4503913</marc:controlfield>
        <marc:controlfield tag="005">20080930144006.0</marc:controlfield>
        <marc:controlfield tag="007">aj aanzn</marc:controlfield>
        <marc:controlfield tag="008">050426s1785    enk       a     0   eng  </marc:controlfield>
        <marc:datafield tag="040" ind1=" " ind2=" ">
            <marc:subfield code="a">NjP</marc:subfield>
            <marc:subfield code="c">NjP</marc:subfield>
        </marc:datafield>
        <marc:datafield tag="100" ind1="1" ind2=" ">
            <marc:subfield code="a">Roberts, Henry.</marc:subfield>
        </marc:datafield>
        <marc:datafield tag="245" ind1="1" ind2="2">
            <marc:subfield code="a">A general chart</marc:subfield>
            <marc:subfield code="h">[map] :</marc:subfield>
            <marc:subfield code="b">exhibiting the discoveries made by Captn. James Cook in this and his two preceeding voyages : with tracks of the ships under his command.</marc:subfield>
        </marc:datafield>
        <marc:datafield tag="255" ind1=" " ind2=" ">
            <marc:subfield code="a">Scale [ca. 1:65,000,000].</marc:subfield>
        </marc:datafield>
        <marc:datafield tag="260" ind1=" " ind2=" ">
            <marc:subfield code="a">London :</marc:subfield>
            <marc:subfield code="b">Publish'd ... by J. Stockdale ... ; Scatcherd &amp; Whitaker ... ; &amp; John Fielding ... ,</marc:subfield>
            <marc:subfield code="c">Feb. 4, 1785.</marc:subfield>
        </marc:datafield>
        <marc:datafield tag="300" ind1=" " ind2=" ">
            <marc:subfield code="a">1 map ;</marc:subfield>
            <marc:subfield code="c">36 x 57 cm.</marc:subfield>
        </marc:datafield>
        <marc:datafield tag="500" ind1=" " ind2=" ">
            <marc:subfield code="a">"Engrav'd for Cook's Voyage, Octavo Edition."</marc:subfield>
        </marc:datafield>
        <marc:datafield tag="500" ind1=" " ind2=" ">
            <marc:subfield code="a">From: Captain Cook's third and last voyage to the Pacific Ocean. London : Printed for J. Fielding and J. Stockdale ... , [1785]</marc:subfield>
        </marc:datafield>
        <marc:datafield tag="500" ind1=" " ind2=" ">
            <marc:subfield code="a">Lieutenant Henry Roberts compiled a composite chart of Cook's three voyages for the official account published in 1784. cf. Tooley's dictionary of mapmakers.</marc:subfield>
        </marc:datafield>
        <marc:datafield tag="510" ind1="4" ind2=" ">
            <marc:subfield code="a">Tooley's dictionary of mapmakers</marc:subfield>
            <marc:subfield code="c">vol. 4, p. 53</marc:subfield>
        </marc:datafield>
        <marc:datafield tag="600" ind1="1" ind2="0">
            <marc:subfield code="a">Cook, James,</marc:subfield>
            <marc:subfield code="d">1728-1779</marc:subfield>
            <marc:subfield code="x">Travel.</marc:subfield>
        </marc:datafield>
        <marc:datafield tag="650" ind1=" " ind2="0">
            <marc:subfield code="a">Voyages around the world</marc:subfield>
            <marc:subfield code="y">18th century.</marc:subfield>
        </marc:datafield>
        <marc:datafield tag="650" ind1=" " ind2="0">
            <marc:subfield code="a">World maps</marc:subfield>
            <marc:subfield code="v">Early works to 1800.</marc:subfield>
        </marc:datafield>
        <marc:datafield tag="655" ind1=" " ind2="7">
            <marc:subfield code="a">World maps</marc:subfield>
            <marc:subfield code="y">1785.</marc:subfield>
            <marc:subfield code="2">aat</marc:subfield>
        </marc:datafield>
        <marc:datafield tag="700" ind1="1" ind2=" ">
            <marc:subfield code="a">Cook, James,</marc:subfield>
            <marc:subfield code="d">1728-1779.</marc:subfield>
            <marc:subfield code="t">Captain Cook's third and last voyage to the Pacific Ocean.</marc:subfield>
            <marc:subfield code="f">1785.</marc:subfield>
        </marc:datafield>
        <marc:datafield tag="856" ind1="4" ind2="1">
            <marc:subfield code="z">See the map</marc:subfield>
            <marc:subfield code="u">http://gisserver.princeton.edu/map/2058</marc:subfield>
        </marc:datafield>
        <marc:datafield tag="904" ind1=" " ind2=" ">
            <marc:subfield code="a">gls</marc:subfield>
            <marc:subfield code="b">g</marc:subfield>
            <marc:subfield code="h">n</marc:subfield>
            <marc:subfield code="c">p</marc:subfield>
            <marc:subfield code="e">20050426</marc:subfield>
        </marc:datafield>
        <marc:datafield tag="902" ind1=" " ind2=" ">
            <marc:subfield code="a">gls</marc:subfield>
            <marc:subfield code="b">o</marc:subfield>
            <marc:subfield code="6">e</marc:subfield>
            <marc:subfield code="7">m</marc:subfield>
            <marc:subfield code="d">v</marc:subfield>
            <marc:subfield code="f">1</marc:subfield>
            <marc:subfield code="e">20050427</marc:subfield>
        </marc:datafield>
    </marc:record>
    <marc:record type="Holdings">
        <marc:leader>00170nx  a22000851  4500</marc:leader>
        <marc:controlfield tag="001">4756425</marc:controlfield>
        <marc:controlfield tag="004">4503913</marc:controlfield>
        <marc:controlfield tag="005">20050426145624.0</marc:controlfield>
        <marc:controlfield tag="008">0504264u    8   1001uu   0901128</marc:controlfield>
        <marc:datafield tag="852" ind1="8" ind2=" ">
            <marc:subfield code="b">map</marc:subfield>
            <marc:subfield code="h">HMC01.40</marc:subfield>
        </marc:datafield>
    </marc:record>
    <marc:record type="Holdings">
        <marc:leader>00182nx  a22000854  4500</marc:leader>
        <marc:controlfield tag="001">7316331</marc:controlfield>
        <marc:controlfield tag="004">4503913</marc:controlfield>
        <marc:controlfield tag="005">20130513151615.0</marc:controlfield>
        <marc:controlfield tag="008">1305134u    8   1001uu   0901128</marc:controlfield>
        <marc:datafield tag="852" ind1="8" ind2=" ">
            <marc:subfield code="b">elf1</marc:subfield>
            <marc:subfield code="h">Electronic Resource</marc:subfield>
        </marc:datafield>
    </marc:record>
</marc:collection>
